<?xml version="1.0" encoding="UTF-8"?>
<collection xmlns:xsi="http://www.w3.org/2001/XMLSchema-instance" xsi:schemaLocation="http://www.loc.gov/MARC21/slim http://www.loc.gov/standards/marcxml/schema/MARC21slim.xsd" xmlns="http://www.loc.gov/MARC21/slim">
<record>
  <leader>00810cam a22002292i 4500</leader>
  <controlfield tag="001">2520723</controlfield>
  <controlfield tag="003">NNC</controlfield>
  <controlfield tag="005">20160718164904.0</controlfield>
  <controlfield tag="008">990903s1958    iq                  ara d</controlfield>
  <datafield tag="035" ind1=" " ind2=" ">
    <subfield code="a">(OCoLC)43949892</subfield>
  </datafield>
  <datafield tag="035" ind1=" " ind2=" ">
    <subfield code="a">(OCoLC)ocm43949892</subfield>
  </datafield>
  <datafield tag="035" ind1=" " ind2=" ">
    <subfield code="9">AQH3657CU</subfield>
  </datafield>
  <datafield tag="035" ind1=" " ind2=" ">
    <subfield code="a">(NNC)2520723</subfield>
  </datafield>
  <datafield tag="040" ind1=" " ind2=" ">
    <subfield code="a">NNC</subfield>
    <subfield code="c">UPvMLC</subfield>
  </datafield>
  <datafield tag="090" ind1=" " ind2=" ">
    <subfield code="a">HC497.I7</subfield>
    <subfield code="b">B34</subfield>
  </datafield>
  <datafield tag="100" ind1="1" ind2=" ">
    <subfield code="a">Balogh, Thomas,</subfield>
    <subfield code="d">1905-1985.</subfield>
  </datafield>
  <datafield tag="245" ind1="1" ind2="0">
    <subfield code="a">Siyāsat al-iʻmār al-iqtiṣādī fī al-ʻIrāq /</subfield>
    <subfield code="c">allafahu Tūmās Bālūk ; sāʻadahu fī al-baḥth wa-qaddamahu lil-ʻArabīyah Muḥammad Salmān Ḥasan.</subfield>
  </datafield>
  <datafield tag="260" ind1=" " ind2=" ">
    <subfield code="a">Baghdād :</subfield>
    <subfield code="b">al-Thaqāfah al-Jadīdah,</subfield>
    <subfield code="c">1958.</subfield>
  </datafield>
  <datafield tag="300" ind1=" " ind2=" ">
    <subfield code="a">208 p.</subfield>
    <subfield code="b">ill.</subfield>
    <subfield code="c">24 cm.</subfield>
  </datafield>
  <datafield tag="490" ind1="1" ind2=" ">
    <subfield code="a">Manshūrāt al-Thaqāfah al-Jadīdah</subfield>
  </datafield>
  <datafield tag="830" ind1=" " ind2="0">
    <subfield code="a">Manshūrāt al-Thaqāfah al-Jadīdah.</subfield>
  </datafield>
  <datafield tag="955" ind1=" " ind2=" ">
    <subfield code="b">CU58005374</subfield>
    <subfield code="d">off,leh</subfield>
    <subfield code="e">HC497.I7 B34</subfield>
  </datafield>
</record>
</collection>